<record><leader>00000cas a22000007a 4500</leader><controlfield tag="001">8780121</controlfield><controlfield tag="008">820916d18601882iaudn ne      0    0eng  </controlfield><controlfield tag="009">466</controlfield><datafield ind1=" " ind2=" " tag="010"><subfield code="a">sn 82014128 </subfield></datafield><datafield ind1=" " ind2=" " tag="040"><subfield code="a">DLC</subfield><subfield code="b">eng</subfield><subfield code="c">DLC</subfield><subfield code="d">NPU</subfield><subfield code="d">NPX</subfield><subfield code="d">INP</subfield><subfield code="d">DLC</subfield><subfield code="d">INP</subfield><subfield code="d">NVF</subfield><subfield code="d">OBN</subfield><subfield code="d">OCL</subfield><subfield code="d">WIH</subfield><subfield code="d">OCLCF</subfield></datafield><datafield ind1="1" ind2=" " tag="029"><subfield code="a">AU@</subfield><subfield code="b">000025813319</subfield></datafield><datafield ind1=" " ind2=" " tag="042"><subfield code="a">msc</subfield></datafield><datafield ind1="0" ind2="0" tag="050"><subfield code="a">Newspaper 7769</subfield></datafield><datafield ind1="0" ind2=" " tag="130"><subfield code="a">Burlington daily hawk-eye (Burlington, Iowa : 1860)</subfield></datafield><datafield ind1="1" ind2="0" tag="245"><subfield code="a">Burlington daily hawk-eye.</subfield></datafield><datafield ind1="3" ind2=" " tag="246"><subfield code="a">Burlington daily hawk eye</subfield></datafield><datafield ind1="3" ind2=" " tag="246"><subfield code="a">Burlington hawk-eye</subfield></datafield><datafield ind1=" " ind2=" " tag="260"><subfield code="a">Burlington, Iowa :</subfield><subfield code="b">C. Dunham,</subfield></datafield><datafield ind1=" " ind2=" " tag="300"><subfield code="a">v.</subfield></datafield><datafield ind1=" " ind2=" " tag="310"><subfield code="a">Daily (except Monday),</subfield><subfield code="b">Nov. 19, 1865-Aug. 31, 1882</subfield></datafield><datafield ind1=" " ind2=" " tag="321"><subfield code="a">Daily (except Sunday),</subfield><subfield code="b">Jan. 2, 1860-Nov. 18, 1865</subfield></datafield><datafield ind1="0" ind2=" " tag="362"><subfield code="a">Jan. 2, 1860-Aug. 31, 1882.</subfield></datafield><datafield ind1=" " ind2=" " tag="500"><subfield code="a">Published as: Burlington hawk-eye, Apr. 16-Dec. 31, 1863, and Jan. 3, 1880.</subfield></datafield><datafield ind1=" " ind2=" " tag="500"><subfield code="a">"Daily" appears within title ornament.</subfield></datafield><datafield ind1=" " ind2=" " tag="500"><subfield code="a">Publishers: C. Dunham, Jan. 2, 1860-Oct. 12, 1865; Charles Beardsley &amp; G.W. Edwards, Oct. 13, 1865-Nov. 30, 1871; Hawk-eye Printing, Dec. 2, 1871-Aug. 31, 1882.</subfield></datafield><datafield ind1=" " ind2=" " tag="515"><subfield code="a">Issues for Jan. 2, 1860-June 30, 1865 called 9th-12th year (July 24, 1863-June 30, 1865 issues all called 12th year).</subfield></datafield><datafield ind1=" " ind2=" " tag="580"><subfield code="a">Weekly eds.: Weekly hawk-eye (Burlington, Iowa : 1858), Jan.  7, 1860, and: Burlington weekly hawk-eye (Burlington, Iowa : 1860), Jan. 14, 1860-Mar. 23, 1876, and: Burlington hawk-eye (Burlington, Iowa : 1876), Mar. 30, 1876-Aug. 1882.</subfield></datafield><datafield ind1=" " ind2=" " tag="580"><subfield code="a">Semiweekly eds.: Semi-weekly hawk-eye, &lt;Feb. 23, 1861-Dec. 10, 1862&gt;, and: Burlington semi-weekly hawk-eye, &lt;Aug. 30, 1876&gt;.</subfield></datafield><datafield ind1=" " ind2="0" tag="651"><subfield code="a">Burlington (Iowa)</subfield><subfield code="v">Newspapers.</subfield></datafield><datafield ind1=" " ind2="0" tag="651"><subfield code="a">Des Moines County (Iowa)</subfield><subfield code="v">Newspapers.</subfield></datafield><datafield ind1=" " ind2="7" tag="655"><subfield code="a">Newspapers.</subfield><subfield code="2">fast</subfield><subfield code="0">(OCoLC)fst01423814</subfield></datafield><datafield ind1=" " ind2="7" tag="651"><subfield code="a">Iowa</subfield><subfield code="z">Burlington.</subfield><subfield code="2">fast</subfield><subfield code="0">(OCoLC)fst01216205</subfield></datafield><datafield ind1=" " ind2="7" tag="651"><subfield code="a">Iowa</subfield><subfield code="z">Des Moines County.</subfield><subfield code="2">fast</subfield><subfield code="0">(OCoLC)fst01213454</subfield></datafield><datafield ind1=" " ind2=" " tag="752"><subfield code="a">United States</subfield><subfield code="b">Iowa</subfield><subfield code="c">Des Moines</subfield><subfield code="d">Burlington.</subfield></datafield><datafield ind1="1" ind2=" " tag="775"><subfield code="t">Weekly hawk-eye (Burlington, Iowa : 1858)</subfield><subfield code="w">(DLC)sn 85049908</subfield><subfield code="g">Jan. 7, 1860</subfield></datafield><datafield ind1="1" ind2=" " tag="775"><subfield code="t">Burlington weekly hawk-eye (Burlington, Iowa : 1860)</subfield><subfield code="w">(DLC)sn 84027060</subfield><subfield code="g">Jan. 14, 1860-Mar. 23, 1876</subfield></datafield><datafield ind1="1" ind2=" " tag="775"><subfield code="t">Burlington hawk-eye (Burlington, Iowa : 1876)</subfield><subfield code="w">(DLC)sn 85049909</subfield><subfield code="g">Mar. 30, 1876-Aug. 1882</subfield></datafield><datafield ind1="1" ind2=" " tag="775"><subfield code="t">Semi-weekly hawk-eye</subfield><subfield code="w">(DLC)sn 82014127</subfield><subfield code="g">&lt;Feb. 23, 1861-Dec. 10, 1862&gt;</subfield></datafield><datafield ind1="1" ind2=" " tag="775"><subfield code="t">Burlington semi-weekly hawk-eye</subfield><subfield code="w">(DLC)sn 84037931</subfield><subfield code="g">&lt;Aug. 30, 1876&gt;</subfield></datafield><datafield ind1="0" ind2="0" tag="780"><subfield code="t">Daily hawk-eye</subfield><subfield code="w">(DLC)sn 85049902</subfield><subfield code="w">(OCoLC)12948114</subfield></datafield><datafield ind1="0" ind2="0" tag="785"><subfield code="t">Burlington hawk-eye (Burlington, Iowa : 1882)</subfield><subfield code="w">(DLC)sn 85049903</subfield><subfield code="w">(OCoLC)12948149</subfield></datafield></record>